<?xml version="1.0" encoding="UTF-8"?><record xmlns="http://www.loc.gov/MARC21/slim" xmlns:cinclude="http://apache.org/cocoon/include/1.0" xmlns:zs="http://www.loc.gov/zing/srw/">
  <leader>00468nz  a2200145n  4500</leader>
  <controlfield tag="001">no 99019732 </controlfield>
  <controlfield tag="003">DLC</controlfield>
  <controlfield tag="005">19990320052202.2</controlfield>
  <controlfield tag="008">990319n| acannaab|          |n aaa     c</controlfield>
  <datafield tag="010" ind1=" " ind2=" ">
    <subfield code="a">no 99019732 </subfield>
  </datafield>
  <datafield tag="035" ind1=" " ind2=" ">
    <subfield code="a">(OCoLC)oca04947291 </subfield>
  </datafield>
  <datafield tag="040" ind1=" " ind2=" ">
    <subfield code="a">ODaU</subfield>
    <subfield code="c">ODaU</subfield>
  </datafield>
  <datafield tag="100" ind1="1" ind2="0">
    <subfield code="a">Baumbach, Jason Garrett,</subfield>
    <subfield code="d">1970-</subfield>
  </datafield>
  <datafield tag="670" ind1=" " ind2=" ">
    <subfield code="a">Design, construction and testing ... 1998:</subfield>
    <subfield code="b">t.p. (Jason Garrett Baumbach)</subfield>
  </datafield>
  <datafield tag="670" ind1=" " ind2=" ">
    <subfield code="a">U. of Dayton alumni records, 01/29/99</subfield>
    <subfield code="b">(Jason Garrett Baumbach; b. 1970)</subfield>
  </datafield>
</record>